%YAML 1.1
%TAG !u! tag:unity3d.com,2011:
--- !u!1 &122918
GameObject:
  m_ObjectHideFlags: 0
  m_CorrespondingSourceObject: {fileID: 0}
  m_PrefabInstance: {fileID: 0}
  m_PrefabAsset: {fileID: 0}
  serializedVersion: 6
  m_Component:
  - component: {fileID: 422918}
  - component: {fileID: 21222928}
  m_Layer: 24
  m_Name: PlasmaWeaponArt
  m_TagString: Untagged
  m_Icon: {fileID: 0}
  m_NavMeshLayer: 0
  m_StaticEditorFlags: 0
  m_IsActive: 1
--- !u!4 &422918
Transform:
  m_ObjectHideFlags: 0
  m_CorrespondingSourceObject: {fileID: 0}
  m_PrefabInstance: {fileID: 0}
  m_PrefabAsset: {fileID: 0}
  m_GameObject: {fileID: 122918}
  m_LocalRotation: {x: 0, y: 0, z: 0, w: 1}
  m_LocalPosition: {x: 0.384, y: 0, z: 0}
  m_LocalScale: {x: 0.1, y: 0.1, z: 0.1}
  m_Children:
  - {fileID: 8407434700436763867}
  m_Father: {fileID: 422920}
  m_RootOrder: 0
  m_LocalEulerAnglesHint: {x: 0, y: 0, z: 0}
--- !u!212 &21222928
SpriteRenderer:
  m_ObjectHideFlags: 0
  m_CorrespondingSourceObject: {fileID: 0}
  m_PrefabInstance: {fileID: 0}
  m_PrefabAsset: {fileID: 0}
  m_GameObject: {fileID: 122918}
  m_Enabled: 1
  m_CastShadows: 0
  m_ReceiveShadows: 0
  m_DynamicOccludee: 1
  m_MotionVectors: 1
  m_LightProbeUsage: 0
  m_ReflectionProbeUsage: 1
  m_RayTracingMode: 0
  m_RenderingLayerMask: 1
  m_RendererPriority: 0
  m_Materials:
  - {fileID: 10754, guid: 0000000000000000f000000000000000, type: 0}
  m_StaticBatchInfo:
    firstSubMesh: 0
    subMeshCount: 0
  m_StaticBatchRoot: {fileID: 0}
  m_ProbeAnchor: {fileID: 0}
  m_LightProbeVolumeOverride: {fileID: 0}
  m_ScaleInLightmap: 1
  m_ReceiveGI: 1
  m_PreserveUVs: 0
  m_IgnoreNormalsForChartDetection: 0
  m_ImportantGI: 0
  m_StitchLightmapSeams: 0
  m_SelectedEditorRenderState: 0
  m_MinimumChartSize: 4
  m_AutoUVMaxDistance: 0.5
  m_AutoUVMaxAngle: 89
  m_LightmapParameters: {fileID: 0}
  m_SortingLayerID: 1229136533
  m_SortingLayer: 0
  m_SortingOrder: 0
  m_Sprite: {fileID: 21300002, guid: 2591aeded66a2394dba77fe9632e2d35, type: 3}
  m_Color: {r: 1, g: 1, b: 1, a: 1}
  m_FlipX: 0
  m_FlipY: 0
  m_DrawMode: 0
  m_Size: {x: 1, y: 1}
  m_AdaptiveModeThreshold: 0.5
  m_SpriteTileMode: 0
  m_WasSpriteAssigned: 1
  m_MaskInteraction: 0
  m_SpriteSortPoint: 0
--- !u!1 &122920
GameObject:
  m_ObjectHideFlags: 0
  m_CorrespondingSourceObject: {fileID: 0}
  m_PrefabInstance: {fileID: 0}
  m_PrefabAsset: {fileID: 0}
  serializedVersion: 6
  m_Component:
  - component: {fileID: 422920}
  - component: {fileID: 6522926}
  - component: {fileID: 1261854963468100046}
  m_Layer: 24
  m_Name: PlasmaWeaponHolder
  m_TagString: PLASMA
  m_Icon: {fileID: 0}
  m_NavMeshLayer: 0
  m_StaticEditorFlags: 0
  m_IsActive: 1
--- !u!4 &422920
Transform:
  m_ObjectHideFlags: 0
  m_CorrespondingSourceObject: {fileID: 0}
  m_PrefabInstance: {fileID: 0}
  m_PrefabAsset: {fileID: 0}
  m_GameObject: {fileID: 122920}
  m_LocalRotation: {x: -0.7071068, y: 0, z: 0, w: 0.7071068}
  m_LocalPosition: {x: 10.34, y: 0, z: 0.702}
  m_LocalScale: {x: 1, y: 1, z: 1}
  m_Children:
  - {fileID: 422918}
  m_Father: {fileID: 0}
  m_RootOrder: 0
  m_LocalEulerAnglesHint: {x: -90, y: 0, z: 0}
--- !u!65 &6522926
BoxCollider:
  m_ObjectHideFlags: 0
  m_CorrespondingSourceObject: {fileID: 0}
  m_PrefabInstance: {fileID: 0}
  m_PrefabAsset: {fileID: 0}
  m_GameObject: {fileID: 122920}
  m_Material: {fileID: 0}
  m_IsTrigger: 1
  m_Enabled: 1
  serializedVersion: 2
  m_Size: {x: 0.58, y: 0.48, z: 0.39}
  m_Center: {x: 0.13, y: 0, z: 0.12}
--- !u!114 &1261854963468100046
MonoBehaviour:
  m_ObjectHideFlags: 0
  m_CorrespondingSourceObject: {fileID: 0}
  m_PrefabInstance: {fileID: 0}
  m_PrefabAsset: {fileID: 0}
  m_GameObject: {fileID: 122920}
  m_Enabled: 1
  m_EditorHideFlags: 0
  m_Script: {fileID: 11500000, guid: df5f34d319a3f4f188acb6654083e5b3, type: 3}
  m_Name: 
  m_EditorClassIdentifier: 
  Data: {fileID: 11400000, guid: d80fc0a44d15346789b60cd370d5fcfb, type: 2}
  SendWeapon: {fileID: 11400000, guid: 87010bc7c121f442299d410f552b6e90, type: 2}
  WeaponNum: {fileID: 11400000, guid: 49aded5427e294f4f9ed7b68d405963e, type: 2}
  FireEvent:
    m_PersistentCalls:
      m_Calls:
      - m_Target: {fileID: 8407434700436763865}
        m_MethodName: SetActive
        m_Mode: 6
        m_Arguments:
          m_ObjectArgument: {fileID: 0}
          m_ObjectArgumentAssemblyTypeName: UnityEngine.Object, UnityEngine
          m_IntArgument: 0
          m_FloatArgument: 0
          m_StringArgument: 
          m_BoolArgument: 1
        m_CallState: 2
--- !u!1001 &205065084
PrefabInstance:
  m_ObjectHideFlags: 0
  serializedVersion: 2
  m_Modification:
    m_TransformParent: {fileID: 422918}
    m_Modifications:
    - target: {fileID: 8407434700505382821, guid: a979b90b603a44e55aed75fce7e7efda,
        type: 3}
      propertyPath: m_Name
      value: BeamBlueAR
      objectReference: {fileID: 0}
    - target: {fileID: 8407434700505382821, guid: a979b90b603a44e55aed75fce7e7efda,
        type: 3}
      propertyPath: m_IsActive
      value: 0
      objectReference: {fileID: 0}
    - target: {fileID: 8407434700505382823, guid: a979b90b603a44e55aed75fce7e7efda,
        type: 3}
      propertyPath: m_LocalPosition.x
      value: 0
      objectReference: {fileID: 0}
    - target: {fileID: 8407434700505382823, guid: a979b90b603a44e55aed75fce7e7efda,
        type: 3}
      propertyPath: m_LocalPosition.y
      value: 0
      objectReference: {fileID: 0}
    - target: {fileID: 8407434700505382823, guid: a979b90b603a44e55aed75fce7e7efda,
        type: 3}
      propertyPath: m_LocalPosition.z
      value: 0
      objectReference: {fileID: 0}
    - target: {fileID: 8407434700505382823, guid: a979b90b603a44e55aed75fce7e7efda,
        type: 3}
      propertyPath: m_LocalRotation.x
      value: -0
      objectReference: {fileID: 0}
    - target: {fileID: 8407434700505382823, guid: a979b90b603a44e55aed75fce7e7efda,
        type: 3}
      propertyPath: m_LocalRotation.y
      value: -0
      objectReference: {fileID: 0}
    - target: {fileID: 8407434700505382823, guid: a979b90b603a44e55aed75fce7e7efda,
        type: 3}
      propertyPath: m_LocalRotation.z
      value: -0
      objectReference: {fileID: 0}
    - target: {fileID: 8407434700505382823, guid: a979b90b603a44e55aed75fce7e7efda,
        type: 3}
      propertyPath: m_LocalRotation.w
      value: 1
      objectReference: {fileID: 0}
    - target: {fileID: 8407434700505382823, guid: a979b90b603a44e55aed75fce7e7efda,
        type: 3}
      propertyPath: m_RootOrder
      value: 0
      objectReference: {fileID: 0}
    - target: {fileID: 8407434700505382823, guid: a979b90b603a44e55aed75fce7e7efda,
        type: 3}
      propertyPath: m_LocalEulerAnglesHint.x
      value: 0
      objectReference: {fileID: 0}
    - target: {fileID: 8407434700505382823, guid: a979b90b603a44e55aed75fce7e7efda,
        type: 3}
      propertyPath: m_LocalEulerAnglesHint.y
      value: 0
      objectReference: {fileID: 0}
    - target: {fileID: 8407434700505382823, guid: a979b90b603a44e55aed75fce7e7efda,
        type: 3}
      propertyPath: m_LocalEulerAnglesHint.z
      value: 0
      objectReference: {fileID: 0}
    m_RemovedComponents:
    - {fileID: 8407434700505382822, guid: a979b90b603a44e55aed75fce7e7efda, type: 3}
  m_SourcePrefab: {fileID: 100100000, guid: a979b90b603a44e55aed75fce7e7efda, type: 3}
--- !u!1 &8407434700436763865 stripped
GameObject:
  m_CorrespondingSourceObject: {fileID: 8407434700505382821, guid: a979b90b603a44e55aed75fce7e7efda,
    type: 3}
  m_PrefabInstance: {fileID: 205065084}
  m_PrefabAsset: {fileID: 0}
--- !u!4 &8407434700436763867 stripped
Transform:
  m_CorrespondingSourceObject: {fileID: 8407434700505382823, guid: a979b90b603a44e55aed75fce7e7efda,
    type: 3}
  m_PrefabInstance: {fileID: 205065084}
  m_PrefabAsset: {fileID: 0}
